@article{graph_of_things,
  author  = {Phuoc, Danh and Nguyen Mau Quoc, Hoan and Ngo, Hung and Nhat, Tuan and Hauswirth, Manfred},
  year    = {2016},
  month   = {03},
  pages   = {25-35},
  title   = {The Graph of Things: A step towards the Live Knowledge Graph of connected things},
  volume  = {37},
  journal = {Web Semantics: Science, Services and Agents on the World Wide Web},
  doi     = {10.1016/j.websem.2016.02.003}
}

@techreport{turtle_syntax,
  author      = {Eric Prud'hommeaux and Gavin Carothers},
  title       = {{RDF} 1.1 Turtle},
  month       = feb,
  note        = {https://www.w3.org/TR/2014/REC-turtle-20140225/},
  year        = {2014},
  bibsource   = {https://w2.syronex.com/jmr/w3c-biblio},
  type        = {{W3C} Recommendation},
  institution = {W3C}
}

@inproceedings{rml,
  title     = {RML: A Generic Language for Integrated RDF Mappings of Heterogeneous Data},
  author    = {A. Dimou and M. V. Sande and P. Colpaert and R. Verborgh and E. Mannens and R. Walle},
  booktitle = {LDOW},
  year      = {2014}
}

@techreport{rdf_concepts,
  author      = {Markus Lanthaler and David Wood and Richard Cyganiak},
  title       = {{RDF} 1.1 Concepts and Abstract Syntax},
  month       = feb,
  note        = {https://www.w3.org/TR/2014/REC-rdf11-concepts-20140225/},
  year        = {2014},
  bibsource   = {https://w2.syronex.com/jmr/w3c-biblio},
  type        = {{W3C} Recommendation},
  institution = {W3C}
}

@online{google_kg,
  author  = {Amit Singhal},
  title   = {Introducing the Knowledge Graph: things, not strings},
  year    = {2012},
  mont    = {05},
  url     = {https://blog.google/products/search/introducing-knowledge-graph-things-not/},
  urldate = {2020-12-25}
}
@article{facebook_linked_data,
  title   = {Facebook Linked Data via the Graph API},
  author  = {Jesse Weaver and P. Tarjan},
  journal = {Semantic Web},
  year    = {2013},
  volume  = {4},
  pages   = {245-250}
}

@article{intro_rdf,
  author  = {Miller, Eric},
  title   = {An Introduction to the Resource Description Framework},
  journal = {Bulletin of the American Society for Information Science and Technology},
  volume  = {25},
  number  = {1},
  pages   = {15-19},
  doi     = {https://doi.org/10.1002/bult.105},
  url     = {https://asistdl.onlinelibrary.wiley.com/doi/abs/10.1002/bult.105},
  eprint  = {https://asistdl.onlinelibrary.wiley.com/doi/pdf/10.1002/bult.105},
  year    = {1998}
}

@inproceedings{taelman_iswc_resources_comunica_2018,
  author    = {Taelman, Ruben and Van Herwegen, Joachim and Vander Sande, Miel and Verborgh, Ruben},
  title     = {Comunica: a Modular SPARQL Query Engine for the Web},
  booktitle = {Proceedings of the 17th International Semantic Web Conference},
  year      = {2018},
  month     = oct,
  url       = {https://comunica.github.io/Article-ISWC2018-Resource/}
}
